@ARTICLE{Hammer,
       author = {{J{\o}rgensen}, Mathias S. and {Mortensen}, Henrik L. and
         {Meldgaard}, S{\o}ren A. and {Kolsbjerg}, Esben L. and
         {Jacobsen}, Thomas L. and {S{\o}rensen}, Knud H. and {Hammer}, Bj{\o}rk},
        title = "{Atomistic structure learning}",
      journal = {arXiv e-prints},
     keywords = {Condensed Matter - Materials Science, Computer Science - Machine Learning, Physics - Chemical Physics, Statistics - Machine Learning},
         year = "2019",
        month = "Feb",
          eid = {arXiv:1902.10501},
        pages = {arXiv:1902.10501},
archivePrefix = {arXiv},
       eprint = {1902.10501},
 primaryClass = {cond-mat.mtrl-sci},
       adsurl = {https://ui.adsabs.harvard.edu/abs/2019arXiv190210501J},
      adsnote = {Provided by the SAO/NASA Astrophysics Data System}
}

