@Unpublished{henrik_DLA,
	author = {Henrik Lund Mortensen},
	title = {Structure optimization using reinforcement learning},
	note = {Progress report, Aarhus University (unpublished)},
	OPTkey = {key},
	month = {April},
	year = {2019},
	OPTannote = {annote},
}
