@Article{Dumontier2017,
	author = {Remzi Çelebí, Özgün Erten, Michel Dumontier},
	title = {Machine Learning Based Drug Indication Prediction Using Linked Open Data},
	journal = {CEUR-WS},
	year = {2017},
	OPTkey = {key},
	volume = {vol. 2042},
	OPTnumber = {number},
	OPTpages = {pages},
	OPTmonth = {month},
	note = {Accessed 14-6-19 via \url{ceur-ws.org/Vol-2042/paper30.pdf}},
	OPTannote = {annote},
}

@Book{Rojas96,
	author = {Raúl Rojas},
	ALTeditor = {editor},
	title = {Neural Networks
	A Systematic Introduction},
	publisher = {Springer, Berlin, Heidelberg},
	year = {1996},
	OPTkey = {key},
	OPTvolume = {volume},
	number = {ISBN: 978-3-642-61068-4},
	OPTseries = {series},
	OPTaddress = {address},
	OPTedition = {edition},
	OPTmonth = {month},
	note = {\url{doi.org/10.1007/978-3-642-61068-4}},
	OPTannote = {annote},
}

@Misc{WikiCNN,
	OPTkey = {key},
	author = {Wikipedia},
	title = {Convolutional Neural Networks},
	howpublished = {Accessed 14-6-19 via \url{en.wikipedia.org/wiki/Convolutional_neural_network}},
	OPTmonth = {month},
	OPTyear = {year},
	OPTnote = {note},
	OPTannote = {annote},
}

@Misc{Wiki_RF,
	OPTkey = {key},
	author = {Wikipedia},
	title = {Reinforcement Learning},
	howpublished = {Accessed 14-6-19 via \url{en.wikipedia.org/wiki/Reinforcement_learning}},
	OPTmonth = {month},
	OPTyear = {year},
	OPTnote = {note},
	OPTannote = {annote},
}

@Article{AlphaGo,
	author = {David Silver, Julian Schrittwieser, Karen Simonyan, Ioannis Antonoglou, Aja Huang, Arthur Guez, Thomas Hubert, Lucas Baker, Matthew Lai, Adrian Bolton, Yutian Chen, Timothy Lillicrap, Fan Hui, Laurent Sifre, George van den Driessche, Thore Graepel, Demis Hassabis},
	title = {Mastering the game of Go without human knowledge},
	journal = {Nature},
	year = {2017},
	OPTkey = {key},
	volume = {355},
	OPTnumber = {number},
	OPTpages = {pages},
	OPTmonth = {month},
	note = {doi: \url{doi.org/10.1038/nature24270}},
	OPTannote = {annote},
}



