





@article{Meldgaard,
author = {Meldgaard,Søren A.  and Kolsbjerg,Esben L.  and Hammer,Bjørk },
title = {Machine learning enhanced global optimization by clustering local environments to enable bundled atomic energies},
journal = {The Journal of Chemical Physics},
volume = {149},
number = {13},
pages = {134104},
year = {2018},
doi = {10.1063/1.5048290},

URL = { 
        https://doi.org/10.1063/1.5048290
    
},
eprint = { 
        https://doi.org/10.1063/1.5048290
    
}

}


