@misc{QM2Paper,
      title={Crowdsourcing human common sense for quantum control}, 
      author={Jesper Hasseriis Mohr Jensen and Miroslav Gajdacz and Shaeema Zaman Ahmed and Jakub Herman Czarkowski and Carrie Weidner and Janet Rafner and Jens Jakob Sørensen and Klaus Mølmer and Jacob Friis Sherson},
      year={2020},
      eprint={2004.03296},
      archivePrefix={arXiv},
      primaryClass={quant-ph}
}

@article{QEngine,
   title={QEngine: A C++ library for quantum optimal control of ultracold atoms},
   volume={243},
   ISSN={0010-4655},
   url={http://dx.doi.org/10.1016/j.cpc.2019.04.020},
   DOI={10.1016/j.cpc.2019.04.020},
   journal={Computer Physics Communications},
   publisher={Elsevier BV},
   author={Sørensen, J.J. and Jensen, J.H.M. and Heinzel, T. and Sherson, J.F.},
   year={2019},
   month={Oct},
   pages={135–150}
}

@article{GroupPaper,
   title={Quantum optimal control in a chopped basis: Applications in control of Bose-Einstein condensates},
   volume={98},
   ISSN={2469-9934},
   url={http://dx.doi.org/10.1103/PhysRevA.98.022119},
   DOI={10.1103/physreva.98.022119},
   number={2},
   journal={Physical Review A},
   publisher={American Physical Society (APS)},
   author={Sørensen, J. J. W. H. and Aranburu, M. O. and Heinzel, T. and Sherson, J. F.},
   year={2018},
   month={Aug}
}

@article{Schmiedmayer,
   title={Optimal control of complex atomic quantum systems},
   volume={6},
   ISSN={2045-2322},
   url={http://dx.doi.org/10.1038/srep34187},
   DOI={10.1038/srep34187},
   number={1},
   journal={Scientific Reports},
   publisher={Springer Science and Business Media LLC},
   author={van Frank, S. and Bonneau, M. and Schmiedmayer, J. and Hild, S. and Gross, C. and Cheneau, M. and Bloch, I. and Pichler, T. and Negretti, A. and Calarco, T. and et al.},
   year={2016},
   month={Oct}
}

@article{Feshbach,
   title={Feshbach resonances in ultracold gases},
   volume={82},
   ISSN={1539-0756},
   url={http://dx.doi.org/10.1103/RevModPhys.82.1225},
   DOI={10.1103/revmodphys.82.1225},
   number={2},
   journal={Reviews of Modern Physics},
   publisher={American Physical Society (APS)},
   author={Chin, Cheng and Grimm, Rudolf and Julienne, Paul and Tiesinga, Eite},
   year={2010},
   month={Apr},
   pages={1225–1286}
}

@phdthesis{JensJacobPhDThesis,
    title    = {Quantum Control of Ultracold Quantum Systems},
    school   = {Aarhus University},
    author   = {Jens Jacob Sørensen},
    year     = {2018}, %other attributes omitted
}


@article{GroupPaper,
      title={Approaching the Quantum Speed Limit with Global-Local Optimization}, 
      author={Jens Jakob Sørensen and Mikel Aranburu and Till Heinzel and Jacob Sherson},
      year={2018},
      eprint={1802.07521},
      archivePrefix={arXiv},
      primaryClass={quant-ph}
}

@article{Deffner_2017,
   title={Quantum speed limits: from Heisenberg’s uncertainty principle to optimal quantum control},
   volume={50},
   ISSN={1751-8121},
   url={http://dx.doi.org/10.1088/1751-8121/aa86c6},
   DOI={10.1088/1751-8121/aa86c6},
   number={45},
   journal={Journal of Physics A: Mathematical and Theoretical},
   publisher={IOP Publishing},
   author={Deffner, Sebastian and Campbell, Steve},
   year={2017},
   month={Oct},
   pages={453001}
}

﻿@Article{Donley2001,
	author={Donley, Elizabeth A.
	and Claussen, Neil R.
	and Cornish, Simon L.
	and Roberts, Jacob L.
	and Cornell, Eric A.
	and Wieman, Carl E.},
	title={Dynamics of collapsing and exploding Bose-Einstein condensates},
	journal={Nature},
	year={2001},
	month={Jul},
	day={01},
	volume={412},
	number={6844},
	pages={295-299},
	issn={1476-4687},
	doi={10.1038/35085500},
	url={https://doi.org/10.1038/35085500}
}

@article{PhysRevA.90.033628,
  title = {Optimal quantum control of Bose-Einstein condensates in magnetic microtraps: Comparison of gradient-ascent-pulse-engineering and Krotov optimization schemes},
  author = {J\"ager, Georg and Reich, Daniel M. and Goerz, Michael H. and Koch, Christiane P. and Hohenester, Ulrich},
  journal = {Phys. Rev. A},
  volume = {90},
  issue = {3},
  pages = {033628},
  numpages = {9},
  year = {2014},
  month = {Sep},
  publisher = {American Physical Society},
  doi = {10.1103/PhysRevA.90.033628},
  url = {https://link.aps.org/doi/10.1103/PhysRevA.90.033628}
}

@misc{ahmed2020quantum,
	title={Quantum Composer: A programmable quantum visualization and simulation tool for education and research}, 
	author={Shaeema Zaman Ahmed and Jesper Hasseriis Mohr Jensen and Carrie Ann Weidner and Jens Jakob Sørensen and Marcel Mudrich and Jacob Friis Sherson},
	year={2020},
	eprint={2006.07263},
	archivePrefix={arXiv},
	primaryClass={physics.ed-ph}
}

@article{KHANEJA2005296,
	title = {Optimal control of coupled spin dynamics: design of NMR pulse sequences by gradient ascent algorithms},
	journal = {Journal of Magnetic Resonance},
	volume = {172},
	number = {2},
	pages = {296-305},
	year = {2005},
	issn = {1090-7807},
	doi = {https://doi.org/10.1016/j.jmr.2004.11.004},
	url = {https://www.sciencedirect.com/science/article/pii/S1090780704003696},
	author = {Navin Khaneja and Timo Reiss and Cindie Kehlet and Thomas Schulte-Herbrüggen and Steffen J. Glaser},
	keywords = {Pulse design, Sequence optimization, Time-optimal coherence transfer, Relaxation-optimized experiments, Time-optimal realization of unitary operators, Quantum gates, GRAPE algorithm, Optimal control theory},
	abstract = {In this paper, we introduce optimal control algorithm for the design of pulse sequences in NMR spectroscopy. This methodology is used for designing pulse sequences that maximize the coherence transfer between coupled spins in a given specified time, minimize the relaxation effects in a given coherence transfer step or minimize the time required to produce a given unitary propagator, as desired. The application of these pulse engineering methods to design pulse sequences that are robust to experimentally important parameter variations, such as chemical shift dispersion or radiofrequency (rf) variations due to imperfections such as rf inhomogeneity is also explained.}
}

@article{fornberg1988generation,
	title={Generation of finite difference formulas on arbitrarily spaced grids},
	author={Fornberg, Bengt},
	journal={Mathematics of computation},
	volume={51},
	number={184},
	pages={699--706},
	year={1988}
}

@misc{MogensQMMG,
	title        = {Magnus expansion, Quantum landscapes and Uncertainties},
	author       = {Mogens Dalgaard},
	howpublished = {Group meeting presentation},
	year         = {2021},
	note         = {Accessed: 2021-1-11}
}

@article{doi:10.1142/S0219025713500215,
	author = {DE FOUQUIERES, PIERRE and SCHIRMER, SOPHIE G.},
	title = {A CLOSER LOOK AT QUANTUM CONTROL LANDSCAPES AND THEIR IMPLICATION FOR CONTROL OPTIMIZATION},
	journal = {Infinite Dimensional Analysis, Quantum Probability and Related Topics},
	volume = {16},
	number = {03},
	pages = {1350021},
	year = {2013},
	doi = {10.1142/S0219025713500215},
	
	URL = { 
	https://doi.org/10.1142/S0219025713500215
	
	},
	eprint = { 
	https://doi.org/10.1142/S0219025713500215
	
	}
}

