@THESIS{HenrikThesis,
  author =	"H.~L. Mortensen",
  title =	"Fantastic Control Functions and How to Find Them",
  school =	"Aarhus University",
  year =	"2017"
}
  
@ARTICLE{Schmiedmayer2014,
   author       = "S. van Frank and A. Negretti and T. Berrada and R. B{\"u}cker and S. Montangero and J.-F. Schaff and T. Schumm and T. Calarco and J. Schmiedmayer",
   title        = "Interferometry with non-classical motional states of a \mbox{{B}ose-}{E}instein condensate",
   journal      = "Nat. Comm.",
   volume       = "5", 
   pages        = "4009",
   year         = "2014",
}

@BOOK{PethickSmith,
  TITLE = {Bose-{E}instein Condensation in Dilute Gases},
  AUTHOR = {C.~J. Pethick and H. Smith},
  YEAR = {2008},
  PUBLISHER = {Cambridge University Press},
}